@inproceedings{radlinski2005query,
  title={Query chains: learning to rank from implicit feedback},
  author={Radlinski, Filip and Joachims, Thorsten},
  booktitle={Proceedings of the eleventh ACM SIGKDD international conference on Knowledge discovery in data mining},
  pages={239--248},
  year={2005},
  organization={ACM}
}

@inproceedings{jeon2005finding,
  title={Finding similar questions in large question and answer archives},
  author={Jeon, Jiwoon and Croft, W Bruce and Lee, Joon Ho},
  booktitle={Proceedings of the 14th ACM international conference on Information and knowledge management},
  pages={84--90},
  year={2005},
  organization={ACM}
}

@inproceedings{shen2007using,
  title={Using Semantic Roles to Improve Question Answering.},
  author={Shen, Dan and Lapata, Mirella},
  booktitle={EMNLP-CoNLL},
  pages={12--21},
  year={2007}
}

@inproceedings{moschitti2007exploiting,
  title={Exploiting syntactic and shallow semantic kernels for question answer classification},
  author={Moschitti, Alessandro and Quarteroni, Silvia and Basili, Roberto and Manandhar, Suresh},
  booktitle={Annual meeting-association for computational linguistics},
  volume={45},
  number={1},
  pages={776},
  year={2007}
}

@inproceedings{severyn2015learning,
  title={Learning to rank short text pairs with convolutional deep neural networks},
  author={Severyn, Aliaksei and Moschitti, Alessandro},
  booktitle={Proceedings of the 38th International ACM SIGIR Conference on Research and Development in Information Retrieval},
  pages={373--382},
  year={2015},
  organization={ACM}
}

@inproceedings{moschitti2008kernel,
  title={Kernel methods, syntax and semantics for relational text categorization},
  author={Moschitti, Alessandro},
  booktitle={Proceedings of the 17th ACM conference on Information and knowledge management},
  pages={253--262},
  year={2008},
  organization={ACM}
}

@inproceedings{tymoshenko2015assessing,
  title={Assessing the impact of syntactic and semantic structures for answer passages reranking},
  author={Tymoshenko, Kateryna and Moschitti, Alessandro},
  booktitle={Proceedings of the 24th ACM International on Conference on Information and Knowledge Management},
  pages={1451--1460},
  year={2015},
  organization={ACM}
}

@inproceedings{tymoshenko2016convolutional,
  title={Convolutional neural networks vs. convolution kernels: Feature engineering for answer sentence reranking},
  author={Tymoshenko, Kateryna and Bonadiman, Daniele and Moschitti, Alessandro},
  booktitle={Proceedings of NAACL-HLT},
  pages={1268--1278},
  year={2016}
}

@inproceedings{surdeanu2008learning,
  title={Learning to Rank Answers on Large Online QA Collections.},
  author={Surdeanu, Mihai and Ciaramita, Massimiliano and Zaragoza, Hugo},
  booktitle={ACL},
  volume={8},
  pages={719--727},
  year={2008}
}

@inproceedings{wang2007jeopardy,
  title={What is the Jeopardy Model? A Quasi-Synchronous Grammar for QA.},
  author={Wang, Mengqiu and Smith, Noah A and Mitamura, Teruko},
  booktitle={EMNLP-CoNLL},
  volume={7},
  pages={22--32},
  year={2007}
}

@inproceedings{heilman2010tree,
  title={Tree edit models for recognizing textual entailments, paraphrases, and answers to questions},
  author={Heilman, Michael and Smith, Noah A},
  booktitle={Human Language Technologies: The 2010 Annual Conference of the North American Chapter of the Association for Computational Linguistics},
  pages={1011--1019},
  year={2010},
  organization={Association for Computational Linguistics}
}

@inproceedings{wang2010probabilistic,
  title={Probabilistic tree-edit models with structured latent variables for textual entailment and question answering},
  author={Wang, Mengqiu and Manning, Christopher D},
  booktitle={Proceedings of the 23rd International Conference on Computational Linguistics},
  pages={1164--1172},
  year={2010},
  organization={Association for Computational Linguistics}
}

@inproceedings{yao2013answer,
  title={Answer Extraction as Sequence Tagging with Tree Edit Distance.},
  author={Yao, Xuchen and Van Durme, Benjamin and Callison-Burch, Chris and Clark, Peter},
  booktitle={HLT-NAACL},
  pages={858--867},
  year={2013},
  organization={Citeseer}
}

@inproceedings{severyn2012structural,
  title={Structural relationships for large-scale learning of answer re-ranking},
  author={Severyn, Aliaksei and Moschitti, Alessandro},
  booktitle={Proceedings of the 35th international ACM SIGIR conference on Research and development in information retrieval},
  pages={741--750},
  year={2012},
  organization={ACM}
}

@inproceedings{severyn2013automatic,
  title={Automatic Feature Engineering for Answer Selection and Extraction.},
  author={Severyn, Aliaksei and Moschitti, Alessandro},
  booktitle={EMNLP},
  volume={13},
  pages={458--467},
  year={2013}
}

@article{lin2015icrc,
  title={ICRC-HIT: A deep learning based comment sequence labeling system for answer selection challenge},
  author={Lin, Xiaoqiang Zhou Baotian Hu Jiaxin and Wang, Yang Xiang Xiaolong},
  journal={SemEval-2015},
  volume={210},
  year={2015}
}

@article{zhou2015answer,
  title={Answer sequence learning with neural networks for answer selection in community question answering},
  author={Zhou, Xiaoqiang and Hu, Baotian and Chen, Qingcai and Tang, Buzhou and Wang, Xiaolong},
  journal={arXiv preprint arXiv:1506.06490},
  year={2015}
}

@inproceedings{barron2015thread,
  title={Thread-Level Information for Comment Classification in Community Question Answering.},
  author={Barr{\'o}n-Cedeno, Alberto and Filice, Simone and Da San Martino, Giovanni and Joty, Shafiq R and M{\`a}rquez, Llu{\'\i}s and Nakov, Preslav and Moschitti, Alessandro},
  booktitle={ACL (2)},
  pages={687--693},
  year={2015},
  organization={Citeseer}
}

@inproceedings{lafferty2001conditional,
  title={Conditional random fields: Probabilistic models for segmenting and labeling sequence data},
  author={Lafferty, John and McCallum, Andrew and Pereira, Fernando and others},
  booktitle={Proceedings of the eighteenth international conference on machine learning, ICML},
  volume={1},
  pages={282--289},
  year={2001}
}

@inproceedings{joty2015global,
  title={Global Thread-level Inference for Comment Classification in Community Question Answering.},
  author={Joty, Shafiq R and Barr{\'o}n-Cedeno, Alberto and Da San Martino, Giovanni and Filice, Simone and M{\`a}rquez, Llu{\'\i}s and Moschitti, Alessandro and Nakov, Preslav},
  booktitle={EMNLP},
  pages={573--578},
  year={2015}
}

@inproceedings{shafiq2016joint,
  title={Joint Learning with Global Inference for Comment Classification in Community Question Answering},
  author={Shafiq Joty, Llu{\i}s and Nakov, Preslav},
  booktitle={Proceedings of NAACL-HLT},
  pages={703--713},
  year={2016}
}

@inproceedings{le2014distributed,
  title={Distributed Representations of Sentences and Documents.},
  author={Le, Quoc V and Mikolov, Tomas},
  booktitle={ICML},
  volume={14},
  pages={1188--1196},
  year={2014}
}

@article{bogdanova2016we,
  title={This is how we do it: Answer reranking for open-domain how questions with paragraph vectors and minimal feature engineering},
  author={Bogdanova, Dasha and Foster, Jennifer},
  year={2016}
}

@inproceedings{jansen2014discourse,
  title={Discourse Complements Lexical Semantics for Non-factoid Answer Reranking.},
  author={Jansen, Peter and Surdeanu, Mihai and Clark, Peter},
  booktitle={ACL (1)},
  pages={977--986},
  year={2014}
}

@InProceedings{nakov-EtAl:2016:SemEval,
  author    = {Nakov, Preslav  and  M\`{a}rquez, Llu\'{i}s  and  Magdy, Walid  and  Moschitti, Alessandro  and  Glass, Jim  and  Randeree, Bilal},
  title     = {{SemEval}-2016 Task 3: Community Question Answering},
  booktitle = {Proceedings of the 10th International Workshop on Semantic Evaluation},
  series    = {SemEval '16},
  month     = {June},
  year      = {2016},
  address   = {San Diego, California},
  publisher = {Association for Computational Linguistics},
}

@article{mihaylov2016semanticz,
  title={SemanticZ at SemEval-2016 Task 3: Ranking relevant answers in community question answering using semantic similarity based on fine-tuned word embeddings},
  author={Mihaylov, Todor and Nakov, Preslav},
  journal={Proceedings of SemEval},
  pages={879--886},
  year={2016}
}

@inproceedings{tran2015jaist,
  title={JAIST: Combining multiple features for answer selection in community question answering},
  author={Tran, Quan Hung and Tran, Vu and Vu, Tu and Nguyen, Minh and Pham, Son Bao},
  booktitle={Proceedings of the 9th International Workshop on Semantic Evaluation, SemEval},
  volume={15},
  pages={215--219},
  year={2015}
}

@inproceedings{toutanova2003feature,
  title={Feature-rich part-of-speech tagging with a cyclic dependency network},
  author={Toutanova, Kristina and Klein, Dan and Manning, Christopher D and Singer, Yoram},
  booktitle={Proceedings of the 2003 Conference of the North American Chapter of the Association for Computational Linguistics on Human Language Technology-Volume 1},
  pages={173--180},
  year={2003},
  organization={Association for Computational Linguistics}
}

@inproceedings{rehurek2010software,
  title={Software framework for topic modelling with large corpora},
  author={Rehurek, Radim and Sojka, Petr},
  booktitle={In Proceedings of the LREC 2010 Workshop on New Challenges for NLP Frameworks},
  year={2010},
  organization={Citeseer}
}